@article{crnn,
  author =       "Baoguang Shi, Xiang Bai, Cong Yao",
  title =        "An End-to-End Trainable Neural Network for Image-based Sequence Recognition and Its Application to Scene Text Recognition",
  DOI =          "http://dx.doi.org/10.1002/andp.19053221004"
}

@article{ctc,
  author =       "Alex  Graves,  Santiago  Fernandez,  Faustino  Gomez,  JurgenSchmidhube",
  title =        "Connectionist Temporal Classification: Labelling Unsegmented Sequence Data withRecurrent Neural Networks",
  DOI =          "http://dx.doi.org/10.1002/andp.19053221004"
}

@article{openmnt,
  author =       "Yuntian Deng 1 Anssi Kanervisto 2 Jeffrey Ling 1 Alexander M. Rush 1",
  title =        "Image-to-Markup Generation with Coarse-to-Fine Attention",
  DOI =          "https://arxiv.org/pdf/1609.04938.pdf"
}

@article{attention,
  author =       "Minh-Thang Luong, Hieu Pham, Christopher D. Manning",
  title =        "Effective Approaches to Attention-based Neural Machine Translation",
  DOI =          "https://arxiv.org/pdf/1508.04025.pdf"
}

@article{buildcrnn,
  author =       "Harald Scheidl",
  title =        "Build a Handwritten Text Recognition System using TensorFlow",
  DOI =          "https://towardsdatascience.com/build-a-handwritten-text-recognition-system-using-tensorflow-2326a3487cd5"
}




